@inproceedings{Jacka07,
 author = {D. Jacka and A. Reid and B. Merry and J. Gain},
 title = {A comparison of linear skinning techniques for character animation},
 booktitle = {Proc. AFRIGRAPH '07},
 year = {2007},
 pages = {177--186},
 numpages = {10},
 publisher = {ACM},
 keywords = {animation, comparison, real-time, skinning},
} 

@article{Waters90,
author={D. Terzopoulus and K. Waters},
title={Physically-based facial modeling, analysis and animation},
journal={J. Vis. Comput. Anim.},
volume={1},
pages={73--80},
year={1990}
}

@inproceedings{Chadwick89,
 author = {J. Chadwick and D. Haumann and E. Parent},
 title = {Layered construction for deformable animated characters},
 booktitle = {Proc. SIGGRAPH '89},
 year = {1989},
 pages = {243--252}
} 


@ARTICLE{Galopo07,
    author = {N. Galopo and M. Otaduy and S. Tekin and M. Gross and M. Lin},
    title = {Soft articulated characters with fast contact handling},
    journal = {Comput. Graph. Forum},
    year = {2007},
    volume = {26},
    pages = {243--253}
}

@article{Georgii06,
title = "A multigrid framework for real-time simulation of deformable bodies",
journal = "Comput. Grap.",
volume = "30",
number = "3",
pages = "408 - 415",
year = "2006",
author = "J. Georgii and R. Westermann",
}

@article {Wu04,
author = {X. Wu and F. Tendick},
title = {Multigrid Integration for Interactive Deformable Body Simulation},
journal = {Med. Sim.},
pages = {92-104},
volume = {3078},
year = {2004}
}

@inproceedings{Capell:2002:ISD:566570.566622,
 author = {S. Capell and S. Green and B. Curless and T. Duchamp and Z. Popovi\'{c}, Zoran},
 title = {Interactive skeleton-driven dynamic deformations},
 booktitle = {Proc. SIGGRAPH '02},
 year = {2002},
 pages = {586--593},
} 


@inproceedings{Kavan05,
 author = {L. Kavan and J. \v{Z}\'{a}ra},
 title = {Spherical blend skinning: a real-time deformation of articulated models},
 booktitle = {Proc. I3D '05},
 year = {2005},
 pages = {9--16},
 publisher = {ACM},
} 

@article{Kavan08,
 author = {L. Kavan and S. Collins and J. \v{Z}\'{a}ra  and C. O'Sullivan},
 title = {Geometric skinning with approximate dual quaternion blending},
 journal = {ACM Trans. Graph.},
 volume = {27},
 issue = {4},
 year = {2008},
 pages = {105:1--105:23},
} 

@article {Komatsu88,
   author = {K. Komatsu},
   title = {Human skin model capable of natural shape variation},
   journal = {Vis. Comput.},
   publisher = {Springer Berlin / Heidelberg},
   pages = {265-271},
   volume = {3},
   issue = {5},
   year = {1988}
}

@article{Kopp08,
 author = {J. Kopp},
 title = {Efficient Numerical Diagonalizaion Of Hermitian 3X3 Matrices},
 journal = {Int. J. Mod. Phys. C.},
 volume = {19},
 issue = {3},
 year = {2008},
 pages = {523-548},
}

@inproceedings{Lewis00,
 author = {J. Lewis and M. Cordner and N. Fong},
 title = {Pose space deformation: a unified approach to shape interpolation and skeleton-driven deformation},
 booktitle = {Proc. SIGGRAPH '00},
 year = {2000},
 pages = {165--172},
} 

@article{Merry06,
 author = {B. Merry and P. Marais and J. Gain},
 title = {Animation {S}pace: {A} {T}ruly {L}inear {F}ramework for {C}haracter {A}nimation},
 journal = {ACM Trans. Graph.},
 volume = {25},
 issue = {4},
 year = {2006},
 pages = {1400--1423},
} 

@inproceedings{Kry02,
 author = {P. Kry and D. James and D. Pai},
 title = {EigenSkin: real time large deformation character skinning in hardware},
 booktitle = {Proc. ACM SIGGRAPH/Eurographics Symp. Comput. Anim.},
 year = {2002},
 pages = {153--159},
} 

@ARTICLE{Sueda:2008,
   author = {Shinjiro Sueda and Andrew Kaufman and Dinesh Pai},
   title = {Musculotendon Simulation for Hand Animation},
   journal = {ACM Trans.Graph.},
   year = {2008},
   volume = {27},
   number = {3},
} 

@inproceedings{Magnenat-Thalmann89,
 author = {N. Magnenat-Thalmann and R. Laperri\`{e}re and D. Thalmann},
 title = {Joint-dependent local deformations for hand animation and object grasping},
 booktitle = {Proc. Graph. Inter. '88},
 year = {1988},
 pages = {26--33},
} 

@article{Mohr03,
 author = {A. Mohr and M. Gleicher},
 title = {Building efficient, accurate character skins from examples},
 journal = {ACM Trans. Graph.},
 volume = {22},
 issue = {3},
 year = {2003},
 pages = {562--568},
} 

@inproceedings{Sloan01,
 author = {P. Sloan and C. Rose and M. Cohen},
 title = {Shape by example},
 booktitle = {Proc. I3D '01},
 year = {2001},
 pages = {135--143},
} 

@inproceedings{Wang02,
 author = {C. Wang and C. Phillips},
 title = {Multi-weight enveloping: least-squares approximation techniques for skin animation},
 booktitle = {Proc. 2002 ACM SIGGRAPH/Eurographics Symp.  Comput. Anim.},
 year = {2002},
 pages = {129--138},
} 

@inproceedings{capell:2005:pb,
 author = {S. Capell and M. Burkhart and B. Curless and T. Duchamp and Z. Popović},
 title = {Physically Based Rigging for Deformable Characters},
 booktitle = {Proc. 2005 ACM SIGGRAPH/Eurographics Symp. Comput. Anim.},
 year = {2005}, 
} 

@article{Muller:2005:MDB,
 author = {M. M\"{u}ller and B. Heidelberger and M. Teschner and M. Gross},
 title = {Meshless deformations based on shape matching},
 journal = {ACM Trans. Graph.},
 volume = {24},
 issue = {3},
 year = {2005},
 pages = {471--478},
} 

@article{Rivers:2007:FFL,
 author = {A. Rivers and D. James},
 title = {FastLSM: fast lattice shape matching for robust real-time deformation},
 journal = {ACM Trans. Graph.},
 volume = {26},
 issue = {3},
 year = {2007},
} 

@article{Chao:2010:SGM,
 author = {Chao, Isaac and Pinkall, Ulrich and Sanan, Patrick and Schr\"{o}der, Peter},
 title = {A simple geometric model for elastic deformations},
 journal = {ACM Trans. Graph.},
 volume = {29},
 issue = {4},
 month = {July},
 year = {2010},
 issn = {0730-0301},
 pages = {38:1--38:6},
 articleno = {38},
 numpages = {6},
 url = {http://doi.acm.org/10.1145/1778765.1778775},
 doi = {http://doi.acm.org/10.1145/1778765.1778775},
 acmid = {1778775},
 publisher = {ACM},
 address = {New York, NY, USA},
 keywords = {digital geometry processing, discrete differential geometry, elasticity, geometric modeling, morphing, parameterization, shape space interpolation},
} 

@inproceedings{molino:2003:meshing,
    author = "N. Molino and R. Bridson and J. Teran and R. Fedkiw",
    title = "A Crystalline, Red Green Strategy for Meshing Highly Deformable Objects with Tetrahedra",
    booktitle = "12th Int. Meshing Roundtable",
    pages = "103--114",
    year = "2003"
}

@inproceedings{Muller:2002:SRD,
 author = {M. Matthias and J. Dorsey and L. McMillan and R. Jagnow and B. Cutler},
 title = {Stable real-time deformations},
 booktitle = {Proc. 2002 ACM SIGGRAPH/Eurographics Symp. Comput. Anim.},
 year = {2002},
 pages = {49--54},
} 

@inproceedings{Muller:2004:IVM,
 author = {M. Matthias and M. Gross},
 title = {Interactive virtual materials},
 booktitle = {Proc. GI '04},
 year = {2004},
 pages = {239--246},
} 

@article{Zhu:2010:EMM,
 author = {Y. Zhu and E. Sifakis and J. Teran and A. Brandt},
 title = {An efficient multigrid method for the simulation of high-resolution elastic solids},
 journal = {ACM Trans. Graph.},
 volume = {29},
 issue = {2},
 year = {2010},
 pages = {16:1--16:18},
} 

@inproceedings{Irving:2008:SDF,
 author = {Irving, Geoffrey and Kautzman, Ryan and Cameron, Gordon and Chong, Jiayi},
 title = {Simulating the devolved: finite elements on WALL·E},
 booktitle = {ACM SIGGRAPH 2008 talks},
 series = {SIGGRAPH '08},
 year = {2008},
 isbn = {978-1-60558-343-3},
 location = {Los Angeles, California},
 pages = {54:1--54:1},
 articleno = {54},
 numpages = {1},
 url = {http://doi.acm.org/10.1145/1401032.1401102},
 doi = {http://doi.acm.org/10.1145/1401032.1401102},
 acmid = {1401102},
 publisher = {ACM},
 address = {New York, NY, USA},
} 

@inproceedings{irving:2004:invertible,
    author = "G. Irving and J. Teran and R. Fedkiw",
    title = "Invertible finite elements for robust simulation of large deformation",
    booktitle = "{Proc. of the ACM SIGGRAPH/Eurographics Symp. on Comput. Anim.}",
    year = "2004",
    pages = "131--140"
}

@article{teran:2005:quasistatics,
    author = "J. Teran and E. Sifakis and G. Irving and R. Fedkiw",
    title = "Robust Quasistatic Finite Elements and Flesh Simulation",
    journal = "Proc. of the 2005 ACM SIGGRAPH/Eurographics Symp. on Comput. Anim.",
    year = "2005",
    pages = "181--190",
}


@inproceedings{clutterbuck:2010:avatar,
 author = {Simon Clutterbuck and James Jacobs},
 title = {A Physically Based Approach to Virtual Character Deformation},
 booktitle = {ACM SIGGRAPH 2010 talks},
 series = {SIGGRAPH '10},
 year = {2010},
 location = {Los Angeles, California},
} 

@Article{Dick:2011:CUDAFEM,
  author =       {C. Dick and J. Georgii and R. Westermann},
  title =        {A Real-Time Multigrid Finite Hexahedra Method for Elasticity Simulation using {CUDA}},
  journal =      {Sim. Mod. Prac. Th.},
  volume =       {19},
  number =       {2},
  pages =        {801--816},
  year =         {2011},
}

@techreport{guy:2004:montecarlo,
  author  = "S. Guy and G. Debunne",
  title = "Monte-Carlo collision detection",
  institution  = "INRIA",
  number = "RR-5136",
  month = "March",
  year = "2004"
}


@inproceedings{sifakis:2007:hybridsolids,
    author = "E. Sifakis and T. Shinar and G. Irving and R. Fedkiw",
    title = "Hybrid Simulation of Deformable Solids",
    booktitle = "Proc. of ACM SIGGRAPH/Eurographics Symp. on Comput. Anim.",
    pages="81--90",
    year = "2007"
}
@conference{twigg2010point,
  title={{Point Cloud Glue: constraining simulations using the procrustes transform}},
  author={Twigg, C.D. and Ka{\v{c}}i{\'c}-Alesi{\'c}, Z.},
  booktitle={Proceedings of the 2010 ACM SIGGRAPH/Eurographics Symposium on Computer Animation},
  pages={45--54},
  year={2010},
  organization={Eurographics Association}
}
