%%%%%%%%%%%%%%%%%%%
%Multigrid papers
%%%%%%%%%%%%%%%%%%%
@inproceedings{T93,
 author = {O. Tatebe},
  title = {The multigrid preconditioned conjugate gradient method},
  booktitle = {Proceedings of the Sixth Copper Mountain Conference on Multigrid Methods},
  publisher = {NASA Conference Publication 3224},
  pages = {621-634},
  year = {1993}
}

@inproceedings{MCPN08,
  author = {J. Molemaker and J. Cohen and S. Patel and J. Noh},
  title = {Low viscosity flow simulations for animation},
  editor = {M. Gross and D. James},
  booktitle = {Proceedings of ACM SIGGRAPH Symposium on Computer Animation},
  publisher = {Eurographics / ACM SIGGRAPH},
  pages = {15--22},
  year = {2008}
  }

@TECHREPORT{KGWT08,
author       = {K\"{o}ster, M. and G\"{o}ddeke, D. and Wobker, H. and Turek, S.},
title        = {How to gain speedups of 1000 on single processors with fast {FEM} solvers {}--{} Benchmarking numerical and computational efficiency},
year         = {2008},
note         = {Ergebnisberichte des Instituts f\"{u}r Angewandte Mathematik, Nummer 382},
institution        = {Fakult\"{a}t f\"{u}r Mathematik, TU Dortmund},
}

@ARTICLE{GSMMWBT08,
author       = {D. G\"{o}ddeke and R. Strzodka and J. Mohd-Yusof and P. McCormick and H. Wobker and C. Becker and S. Turek},
title        = {Using {GPUs} to improve multigrid solver performance on a cluster},
journal      = {International Journal of Computational Science and Engineering},
year         = {2008},
volume       = {4},
number       = {1},
pages        = {36--55},
note         = {doi: 10.1504/IJCSE.2008.021111},
}

@article{KH08,
 author = {M. Kazhdan and H. Hoppe},
 title = {Streaming multigrid for gradient-domain operations on large images},
 journal = {ACM Trans. Graph.},
 volume = {27},
 number = {3},
 year = {2008},
 issn = {0730-0301},
 pages = {1--10},
 doi = {http://doi.acm.org/10.1145/1360612.1360620},
 publisher = {ACM},
 address = {New York, NY, USA},
 }

 @inproceedings{KW03,
 author = {J. Kr\"{u}ger and R. Westermann},
 title = {Linear algebra operators for {GPU} implementation of numerical algorithms},
 booktitle = {SIGGRAPH '03: ACM SIGGRAPH 2003 Papers},
 year = {2003},
 isbn = {1-58113-709-5},
 pages = {908--916},
 location = {San Diego, California},
 doi = {http://doi.acm.org/10.1145/1201775.882363},
 publisher = {ACM},
 address = {New York, NY, USA},
 }

 @inproceedings{BFGS03,
 author = {J. Bolz and I. Farmer and E. Grinspun and P. Schr\"{o}oder},
 title = {Sparse matrix solvers on the {GPU}: conjugate gradients and multigrid},
 booktitle = {SIGGRAPH '03: ACM SIGGRAPH 2003 Papers},
 year = {2003},
 isbn = {1-58113-709-5},
 pages = {917--924},
 location = {San Diego, California},
 doi = {http://doi.acm.org/10.1145/1201775.882364},
 publisher = {ACM},
 address = {New York, NY, USA},
 }

 @inproceedings{GWLLH03,
 author = {N. Goodnight and C. Woolley and G. Lewin and D. Luebke and G. Humphreys},
 title = {A multigrid solver for boundary value problems using programmable graphics hardware},
 booktitle = {HWWS '03: Proceedings of the ACM SIGGRAPH/EUROGRAPHICS conference on Graphics hardware},
 year = {2003},
 isbn = {1-58113-739-7},
 pages = {102--111},
 location = {San Diego, California},
 publisher = {Eurographics Association},
 address = {Aire-la-Ville, Switzerland, Switzerland},
 }

 @article{SYBF06,
 author = {L. Shi and Y. Yu and N. Bell and W. Feng},
 title = {A fast multigrid algorithm for mesh deformation},
 journal = {ACM Trans. Graph.},
 volume = {25},
 number = {3},
 year = {2006},
 issn = {0730-0301},
 pages = {1108--1117},
 doi = {http://doi.acm.org/10.1145/1141911.1142001},
 publisher = {ACM},
 address = {New York, NY, USA},
 }

@inproceedings{HMB05,
 author = {Haber, Tom and Mertens, Tom and Bekaert, Philippe and Van Reeth, Frank},
 title = {A computational approach to simulate subsurface light diffusion in arbitrarily shaped objects},
 booktitle = {GI '05: Proceedings of Graphics Interface 2005},
 year = {2005},
 isbn = {1-56881-265-5},
 pages = {79--86},
 location = {Victoria, British Columbia},
 publisher = {Canadian Human-Computer Communications Society},
 address = {School of Computer Science, University of Waterloo, Waterloo, Ontario, Canada},
 }

@Article{PM04,
	author = "George Papandreou and Petros Maragos",
	title = "A Fast Multigrid Implicit Algorithm for the Evolution of Geodesic Active Contours",
	journal = "Computer Vision and Pattern Recognition, IEEE Computer Society Conference on",
	volume = "2",
	issn = "1063-6919",
	year = "2004",
	pages = "689--694",
	doi = "http://doi.ieeecomputersociety.org/10.1109/CVPR.2004.11",
	publisher = "IEEE Computer Society",
	address = "Los Alamitos, CA, USA"
}

@inproceedings{CNF07,
 author = {Chentanez, Nuttapong and Feldman, Bryan E. and Labelle, Fran\c{c}ois and O'Brien, James F. and Shewchuk, Jonathan R.},
 title = {Liquid simulation on lattice-based tetrahedral meshes},
 booktitle = {SCA '07: Proceedings of the 2007 ACM SIGGRAPH/Eurographics symposium on Computer animation},
 year = {2007},
 isbn = {978-1-59593-624-4},
 pages = {219--228},
 location = {San Diego, California},
 publisher = {Eurographics Association},
 address = {Aire-la-Ville, Switzerland, Switzerland},
 }

@inproceedings{CLB09,
author={Ming Chuang and Linjie Luo and Benedict J. Brown and Szymon Rusinkiewicz and Michael Kazhdan},
title={Estimating the {L}aplace-{B}eltrami Operator by Restricting {3D} Functions},
booktitle={Eurographics Symposium on Geometry Processing},
publisher={Eurographics Assocation},
year={2009},
}

@article{CGR04,
author={U. Clarenz and M. Griebel and M. Rumpf and M.A. Schweitzer and A. Telea},
title={Feature sensitive multiscale editing on surfaces},
journal={The Visual Computer},
volume={20},
number={5},
year={2004},
pages={329-343},
publisher={Springer Berlin / Heidelberg},
}

@article{BWR05,
 author = {Baranoski, Gladimir V. G. and Wan, Justin and Rokne, Jon G. and Bell, Ian},
 title = {Simulating the dynamics of auroral phenomena},
 journal = {ACM Trans. Graph.},
 volume = {24},
 number = {1},
 year = {2005},
 issn = {0730-0301},
 pages = {37--59},
 doi = {http://doi.acm.org/10.1145/1037957.1037960},
 publisher = {ACM},
 address = {New York, NY, USA},
 }

@article{Oh:2008:APF,
    title = "A physically faithful multigrid method for fast cloth simulation",
    author = "Seungwoo Oh and Junyong Noh and KwangYun Wohn",
    journal = "Computer Animation and Virtual Worlds",
    volume = 19,
    number = {3-4},
    year = 2008,
    pages = "479--492",
  }

@ARTICLE{Gerstner00errorindicators,
    author = {Thomas Gerstner and Martin Rumpf and Ulrich Weikard},
    title = {Error Indicators for Multilevel Visualization and Computing on Nested Grids},
    journal = {Computers \& Graphics},
    year = {2000},
    volume = {24},
    pages = {200--0},
}

@INPROCEEDINGS{Stam95multiplescattering,
    author = {Jos Stam},
    title = {Multiple Scattering as a Diffusion Process},
    booktitle = {In Eurographics Rendering Workshop},
    year = {1995},
    pages = {41--50}
}
@article{BWK06,
 author = {Bruhn, Andr\'{e}s and Weickert, Joachim and Kohlberger, Timo and Schn\"{o}rr, Christoph},
 title = {A Multigrid Platform for Real-Time Motion Computation with Discontinuity-Preserving Variational Methods},
 journal = {Int. J. Comput. Vision},
 volume = {70},
 number = {3},
 year = {2006},
 issn = {0920-5691},
 pages = {257--277},
 doi = {http://dx.doi.org/10.1007/s11263-006-6616-7},
 publisher = {Kluwer Academic Publishers},
 address = {Hingham, MA, USA},
 }

@inproceedings{TO94,
 author = {Tatebe, Osamu and Oyanagi, Yoshio},
 title = {Efficient implementation of the multigrid preconditioned conjugate gradient method on distributed memory machines},
 booktitle = {Supercomputing '94: Proceedings of the 1994 conference on Supercomputing},
 year = {1994},
 isbn = {0-8186-6605-6},
 pages = {194--203},
 location = {Washington, D.C., United States},
 publisher = {IEEE Computer Society Press},
 address = {Los Alamitos, CA, USA},
 }	

@article{AF96,
author={Ashby, S.F. and Falgout, R.D.},
title={A parallel multigrid preconditioned conjugate gradient algorithm for groundwater flow simulations},
journal={Nuclear Science and Engineering},
volume={124},
number={1},
year={1996},
pages={145--159},
}

@article{RC03,
 author = {Richard, Fr\'{e}d\'{e}ric J. P. and Cohen, Laurent D.},
 title = {A new image registration technique with free boundary constraints: application to mammography},
 journal = {Comput. Vis. Image Underst.},
 volume = {89},
 number = {2-3},
 year = {2003},
 issn = {1077-3142},
 pages = {166--196},
 doi = {http://dx.doi.org/10.1016/S1077-3142(03)00006-7},
 publisher = {Elsevier Science Inc.},
 address = {New York, NY, USA},
 }

@inproceedings{OGR07,
 author = {Otaduy, Miguel A. and Germann, Daniel and Redon, Stephane and Gross, Markus},
 title = {Adaptive deformations with fast tight bounds},
 booktitle = {SCA '07: Proceedings of the 2007 ACM SIGGRAPH/Eurographics symposium on Computer animation},
 year = {2007},
 isbn = {978-1-59593-624-4},
 pages = {181--190},
 location = {San Diego, California},
 publisher = {Eurographics Association},
 address = {Aire-la-Ville, Switzerland, Switzerland},
 }
@article{SAB99,
 author = {Sussman, Mark and Almgren, Ann S. and Bell, John B. and Colella, Phillip and Howell, Louis H. and Welcome, Michael L.},
 title = {An adaptive level set approach for incompressible two-phase flows},
 journal = {J. Comput. Phys.},
 volume = {148},
 number = {1},
 year = {1999},
 issn = {0021-9991},
 pages = {81--124},
 doi = {http://dx.doi.org/10.1006/jcph.1998.6106},
 publisher = {Academic Press Professional, Inc.},
 address = {San Diego, CA, USA},
 }


 %%%%%%%%%%%%%%%%%%%
%Fluids papers
%%%%%%%%%%%%%%%%%%%
@article{Z04,
author={Hongkai Zhao},
title={A Fast Sweeping Method for the Eikonal Equation},
journal={Math. Comp.},
volume={74},
number={250},
pages={603-627},
year={2004},
}


%%%%%%%%%%%%%%%%%%%
%Siggraph 2009
%%%%%%%%%%%%%%%%%%%
@article{MCPTD09,
 author = {P. Mullen and K. Crane and D. Pavlov and Y. Tong and M. Desbrun},
 title = {Energy-preserving integrators for fluid animation},
 journal = {ACM Trans. Graph.},
 volume = {28},
 number = {3},
 year = {2009},
 issn = {0730-0301},
 pages = {1--8},
 doi = {http://doi.acm.org/10.1145/1531326.1531344},
 publisher = {ACM},
 address = {New York, NY, USA},
 }

@article{WST09,
 author = {M. Wicke and M. Stanton and A. Treuille},
 title = {Modular bases for fluid dynamics},
 journal = {ACM Trans. Graph.},
 volume = {28},
 number = {3},
 year = {2009},
 issn = {0730-0301},
 pages = {1--8},
 doi = {http://doi.acm.org/10.1145/1531326.1531345},
 publisher = {ACM},
 address = {New York, NY, USA},
 }

 @article{HG09,
 author = {C. Horvath and W. Geiger},
 title = {Directable, high-resolution simulation of fire on the {GPU}},
 journal = {ACM Trans. Graph.},
 volume = {28},
 number = {3},
 year = {2009},
 issn = {0730-0301},
 pages = {1--8},
 doi = {http://doi.acm.org/10.1145/1531326.1531347},
 publisher = {ACM},
 address = {New York, NY, USA},
 }

 @article{MSWST09,
 author = {A. McAdams and A. Selle and K. Ward and E. Sifakis and J. Teran},
 title = {Detail preserving continuum simulation of straight hair},
 journal = {ACM Trans. Graph.},
 volume = {28},
 number = {3},
 year = {2009},
 issn = {0730-0301},
 pages = {1--6},
 doi = {http://doi.acm.org/10.1145/1531326.1531368},
 publisher = {ACM},
 address = {New York, NY, USA},
 }
 %%%%%%%%%%%%%%%%%%%
%Siggraph 2008
%%%%%%%%%%%%%%%%%%%
 %TOG presentation at SIGGRAPH, not SIGGRAPH proper
 @article{NNSM08,
 author = {M. Nielsen and O. Nilsson and A. S\"{o}derstr\"{o}m and K. Museth},
 title = {Out-of-core and compressed level set methods},
 journal = {ACM Trans. Graph.},
 volume = {26},
 number = {4},
 year = {2007},
 issn = {0730-0301},
 pages = {16},
 doi = {http://doi.acm.org/10.1145/1289603.1289607},
 publisher = {ACM},
 address = {New York, NY, USA},
 }

 @article{RSGSR08,
 author = {A. Robinson-Mosher and T. Shinar and J. Gretarsson and J. Su and R. Fedkiw},
 title = {Two-way coupling of fluids to rigid and deformable solids and shells},
 journal = {ACM Trans. Graph.},
 volume = {27},
 number = {3},
 year = {2008},
 issn = {0730-0301},
 pages = {1--9},
 doi = {http://doi.acm.org/10.1145/1360612.1360645},
 publisher = {ACM},
 address = {New York, NY, USA},
 }

 @article{HLYK08,
 author = {J. Hong and H. Lee and J. Yoon and C. Kim},
 title = {Bubbles alive},
 journal = {ACM Trans. Graph.},
 volume = {27},
 number = {3},
 year = {2008},
 issn = {0730-0301},
 pages = {1--4},
 doi = {http://doi.acm.org/10.1145/1360612.1360647},
 publisher = {ACM},
 address = {New York, NY, USA},
 }

 @article{KTJG08,
 author = {T. Kim and N. Th\"{u}rey and D. James and M. Gross},
 title = {Wavelet turbulence for fluid simulation},
 journal = {ACM Trans. Graph.},
 volume = {27},
 number = {3},
 year = {2008},
 issn = {0730-0301},
 pages = {1--6},
 doi = {http://doi.acm.org/10.1145/1360612.1360649},
 publisher = {ACM},
 address = {New York, NY, USA},
 }
  %%%%%%%%%%%%%%%%%%%
%Siggraph 2007
%%%%%%%%%%%%%%%%%%%
 @article{BBB07,
 author = {C. Batty and F. Bertails and R. Bridson},
 title = {A fast variational framework for accurate solid-fluid coupling},
 journal = {ACM Trans. Graph.},
 volume = {26},
 number = {3},
 year = {2007},
 issn = {0730-0301},
 pages = {100},
 doi = {http://doi.acm.org/10.1145/1276377.1276502},
 publisher = {ACM},
 address = {New York, NY, USA},
 }

@article{BHN07,
 author = {Bridson, Robert and Houriham, Jim and Nordenstam, Marcus},
 title = {Curl-noise for procedural fluid flow},
 journal = {ACM Trans. Graph.},
 volume = {26},
 number = {3},
 year = {2007},
 issn = {0730-0301},
 pages = {46},
 doi = {http://doi.acm.org/10.1145/1276377.1276435},
 publisher = {ACM},
 address = {New York, NY, USA},
 }
  %%%%%%%%%%%%%%%%%%%
%Siggraph 2006
%%%%%%%%%%%%%%%%%%%
 @article{IGLF06,
 author = {G. Irving and E. Guendelman and F. Losasso and R. Fedkiw},
 title = {Efficient simulation of large bodies of water by coupling two and three dimensional techniques},
 journal = {ACM Trans. Graph.},
 volume = {25},
 number = {3},
 year = {2006},
 issn = {0730-0301},
 pages = {805--811},
 doi = {http://doi.acm.org/10.1145/1141911.1141959},
 publisher = {ACM},
 address = {New York, NY, USA},
 }

 @article{LTSF06,
 author = {F. Losasso and T. Shinar and A. Selle and R. Fedkiw},
 title = {Multiple interacting liquids},
 journal = {ACM Trans. Graph.},
 volume = {25},
 number = {3},
 year = {2006},
 issn = {0730-0301},
 pages = {812--819},
 doi = {http://doi.acm.org/10.1145/1141911.1141960},
 publisher = {ACM},
 address = {New York, NY, USA},
 }

 @article{KFCO06,
 author = {B. Klingner and B. Feldman and N. Chentanez and J. O'Brien},
 title = {Fluid animation with dynamic meshes},
 journal = {ACM Trans. Graph.},
 volume = {25},
 number = {3},
 year = {2006},
 issn = {0730-0301},
 pages = {820--825},
 doi = {http://doi.acm.org/10.1145/1141911.1141961},
 publisher = {ACM},
 address = {New York, NY, USA},
 }



  %%%%%%%%%%%%%%%%%%%
%Siggraph 2005
%%%%%%%%%%%%%%%%%%%
 @article{SRF05,
 author = {A. Selle and N. Rasmussen and R. Fedkiw},
 title = {A vortex particle method for smoke, water and explosions},
 journal = {ACM Trans. Graph.},
 volume = {24},
 number = {3},
 year = {2005},
 issn = {0730-0301},
 pages = {910--914},
 doi = {http://doi.acm.org/10.1145/1073204.1073282},
 publisher = {ACM},
 address = {New York, NY, USA},
 }

 @article{FOK05,
 author = {B. Feldman and J. O'Brien and B. Klingner},
 title = {Animating gases with hybrid meshes},
 journal = {ACM Trans. Graph.},
 volume = {24},
 number = {3},
 year = {2005},
 issn = {0730-0301},
 pages = {904--909},
 doi = {http://doi.acm.org/10.1145/1073204.1073281},
 publisher = {ACM},
 address = {New York, NY, USA},
 }

 @article{HK05,
 author = {J. Hong and C. Kim},
 title = {Discontinuous fluids},
 journal = {ACM Trans. Graph.},
 volume = {24},
 number = {3},
 year = {2005},
 issn = {0730-0301},
 pages = {915--920},
 doi = {http://doi.acm.org/10.1145/1073204.1073283},
 publisher = {ACM},
 address = {New York, NY, USA},
 }

 @article{WMT05,
 author = {H. Wang and P. Mucha and G. Turk},
 title = {Water drops on surfaces},
 journal = {ACM Trans. Graph.},
 volume = {24},
 number = {3},
 year = {2005},
 issn = {0730-0301},
 pages = {921--929},
 doi = {http://doi.acm.org/10.1145/1073204.1073284},
 publisher = {ACM},
 address = {New York, NY, USA},
 }

 @article{ZB05,
 author = {Y. Zhu and R. Bridson},
 title = {Animating sand as a fluid},
 journal = {ACM Trans. Graph.},
 volume = {24},
 number = {3},
 year = {2005},
 issn = {0730-0301},
 pages = {965--972},
 doi = {http://doi.acm.org/10.1145/1073204.1073298},
 publisher = {ACM},
 address = {New York, NY, USA},
 }

@article{GSLF05,
 author = {E. Guendelman and A. Selle and F. Losasso and R. Fedkiw},
 title = {Coupling water and smoke to thin deformable and rigid shells},
 journal = {ACM Trans. Graph.},
 volume = {24},
 number = {3},
 year = {2005},
 issn = {0730-0301},
 pages = {973--981},
 doi = {http://doi.acm.org/10.1145/1073204.1073299},
 publisher = {ACM},
 address = {New York, NY, USA},
 }

  %%%%%%%%%%%%%%%%%%%
% Siggraph 2004
%%%%%%%%%%%%%%%%%%%

 @inproceedings{CMT04,
 author = {M. Carlson and P. Mucha and G. Turk},
 title = {Rigid fluid: animating the interplay between rigid bodies and fluid},
 booktitle = {SIGGRAPH '04: ACM SIGGRAPH 2004 Papers},
 year = {2004},
 pages = {377--384},
 location = {Los Angeles, California},
 doi = {http://doi.acm.org/10.1145/1186562.1015733},
 publisher = {ACM},
 address = {New York, NY, USA},
 }

 @article{GBO04,
 author = {T. Goktekin and A. Bargteil and J. O'Brien},
 title = {A method for animating viscoelastic fluids},
 journal = {ACM Trans. Graph.},
 volume = {23},
 number = {3},
 year = {2004},
 issn = {0730-0301},
 pages = {463--468},
 doi = {http://doi.acm.org/10.1145/1015706.1015746},
 publisher = {ACM},
 address = {New York, NY, USA},
 }

 @article{MTPS04,
 author = {A. McNamara and A. Treuille and Z. Popovi\'{c} and J. Stam},
 title = {Fluid control using the adjoint method},
 journal = {ACM Trans. Graph.},
 volume = {23},
 number = {3},
 year = {2004},
 issn = {0730-0301},
 pages = {449--456},
 doi = {http://doi.acm.org/10.1145/1015706.1015744},
 publisher = {ACM},
 address = {New York, NY, USA},
 }

 @inproceedings{LGF04,
 author = {F. Losasso and F. Gibou and R. Fedkiw},
 title = {Simulating water and smoke with an octree data structure},
 booktitle = {SIGGRAPH '04: ACM SIGGRAPH 2004 Papers},
 year = {2004},
 pages = {457--462},
 location = {Los Angeles, California},
 doi = {http://doi.acm.org/10.1145/1186562.1015745},
 publisher = {ACM},
 address = {New York, NY, USA},
 }


 %%%%%%%%%%%%%%%%%%%
% Misc graphic
%%%%%%%%%%%%%%%%%%%
@inproceedings{S99,
 author = {J. Stam},
 title = {Stable fluids},
 booktitle = {SIGGRAPH '99: Proceedings of the 26th annual conference on Computer graphics and interactive techniques},
 year = {1999},
 isbn = {0-201-48560-5},
 pages = {121--128}
 }

@article{EMF02,
 author = {D. Enright and S. Marschner and R. Fedkiw},
 title = {Animation and rendering of complex water surfaces},
 journal = {ACM Trans. Graph.},
 volume = {21},
 number = {3},
 year = {2002},
 issn = {0730-0301},
 pages = {736--744},
 doi = {http://doi.acm.org/10.1145/566654.566645},
 publisher = {ACM},
 address = {New York, NY, USA},
 }

 @inproceedings{KC07,
 author = {T. Kim and M. Carlson},
 title = {A simple boiling module},
 booktitle = {SCA '07: Proceedings of the 2007 ACM SIGGRAPH/Eurographics symposium on Computer animation},
 year = {2007},
 isbn = {978-1-59593-624-4},
 pages = {27--34},
 location = {San Diego, California},
 publisher = {Eurographics Association},
 address = {Aire-la-Ville, Switzerland, Switzerland},
 }

@article{ETKSD07,
 author = {S. Elcott and Y. Tong and E. Kanso and P. Schr\"{o}der and M. Desbrun},
 title = {Stable, circulation-preserving, simplicial fluids},
 journal = {ACM Trans. Graph.},
 volume = {26},
 number = {1},
 year = {2007},
 issn = {0730-0301},
 pages = {4},
 doi = {http://doi.acm.org/10.1145/1189762.1189766},
 publisher = {ACM},
 address = {New York, NY, USA},
 }

 @article{HW65,
 author = {F. Harlow and J. Welch},
 title = {Numerical calculation of time-dependent viscous incompressible flow of fluid with a free surface},
 journal = {Phys. Fl.},
 volume={8},
 year={1965},
 pages={2812-2189},
 }

 @article{FM96,
 author = {N. Foster and D. Metaxas},
 title = {Realistic animation of liquids},
 journal = {Graph. Models Image Process.},
 volume = {58},
 number = {5},
 year = {1996},
 issn = {1077-3169},
 pages = {471--483},
 doi = {http://dx.doi.org/10.1006/gmip.1996.0039},
 publisher = {Academic Press, Inc.},
 address = {Orlando, FL, USA},
 }

 @inproceedings{FF01,
 author = {N. Foster and R. Fedkiw},
 title = {Practical animation of liquids},
 booktitle = {SIGGRAPH '01: Proceedings of the 28th annual conference on Computer graphics and interactive techniques},
 year = {2001},
 isbn = {1-58113-374-X},
 pages = {23--30},
 doi = {http://doi.acm.org/10.1145/383259.383261},
 publisher = {ACM},
 address = {New York, NY, USA},
 }

 @inproceedings{FSJ01,
 author = {R. Fedkiw and J. Stam and H. Jensen},
 title = {Visual simulation of smoke},
 booktitle = {SIGGRAPH '01: Proceedings of the 28th annual conference on Computer graphics and interactive techniques},
 year = {2001},
 isbn = {1-58113-374-X},
 pages = {15--22},
 doi = {http://doi.acm.org/10.1145/383259.383260},
 publisher = {ACM},
 address = {New York, NY, USA},
 }

@inproceedings{CTG10,
 author = {Cohen, Jonathan M. and Tariq, Sarah and Green, Simon},
 title = {Interactive fluid-particle simulation using translating Eulerian grids},
 booktitle = {I3D '10: Proceedings of the 2010 ACM SIGGRAPH symposium on Interactive 3D Graphics and Games},
 year = {2010},
 isbn = {978-1-60558-939-8},
 pages = {15--22},
 location = {Washington, D.C.},
 doi = {http://doi.acm.org/10.1145/1730804.1730807},
 publisher = {ACM},
 address = {New York, NY, USA},
 }


 %%%%%%%%%%%%%%%%%%%
% From CMAME
%%%%%%%%%%%%%%%%%%%
@Article{SW05,
	author = "K. Singh and J. Williams",
	title = "{A parallel fictitious domain multigrid preconditioner for the solution of Poisson's equation in complex geometries}",
	journal = "Comput. Meth. Appl. Mech. Eng.",
	volume = "194",
    pages = "4845--4860",
	year = "2005"
}

%%%%%%%%%%%%%%%%%%%
% From the elasticity MG paper
%%%%%%%%%%%%%%%%%%%
@Article{ kazhdan:2008:multigrid,
	author = "M. Kazhdan and H. Hoppe",
	title = "{Streaming Multigrid for Gradient-Domain Operations on Large Images}",
	journal = "ACM Trans. Graph. (SIGGRAPH Proc.)",
	volume = "27",
	number = "3",
	year = "2008"
}

@Article{ gaspar:2008:distributive,
	author = "F. Gaspar and J. Gracia and F. Lisbona and C. Oosterlee",
	title = "{Distributive smoothers in multigrid for problems with dominating grad-div operators}",
	journal = "Numerical Linear Algebra with Applications",
	volume = "15",
	number = "8",
	pages = "661--683",
	year = "2008"
}

@Book{ brezzi:1991:mixed,
	title = "{Mixed and hybrid finite element methods}",
	author = "F. Brezzi and M. Fortin",
	publisher = "Springer-Verlag: New York",
	year = "1991"
}

@Book{ trottenberg:2001:multigrid,
	title = "Multigrid",
	author = "U. Trottenberg and C. {O}osterlee and A. Schuller",
	year = "2001",
	publisher = "San Diego: Academic Press"
}

@Book{ bonet:1997:nonlinear,
	title = "{Nonlinear Continuum Mechanics for Finite Element Analysis}",
	author = "J. Bonet and R.D. Wood",
	year = "1997",
	publisher = "Cambridge University Press"
}

@InProceedings{ fedkiw:2001:smoke,
	author = "R. Fedkiw and J. Stam and H. Jensen",
	title = "Visual simulation of smoke",
	booktitle = "Proc. of ACM SIGGRAPH 2001",
	pages = "15--22",
	year = "2001"
}

@Article{ terzopoulos:1987:elastic,
	author = "D. Terzopoulos and J. Platt and A. Barr and K. Fleischer",
	title = "Elastically deformable models",
	year = "1987",
	journal = "Computer Graphics (Proc. SIGGRAPH 87)",
	volume = "21",
	number = "4",
	pages = "205--214"
}

@Article{ terzopoulos:1988:deformable,
	author = "D. Terzopoulos and K. Fleischer",
	title = "Deformable models",
	journal = "The Visual Computer",
	volume = "4",
	number = "6",
	pages = "306--331",
	year = "1988"
}

@Article{ rivers:2007:fastlsm,
	title = "{FastLSM: fast lattice shape matching for robust real-time deformation}",
	author = "A.R. Rivers and D.L. James",
	journal = "ACM Trans. Graph. (SIGGRAPH Proc.)",
	volume = "26",
	number = "3",
	year = "2007"
}

@InProceedings{ muller:2004:objects,
	author = "M. M{\"u}ller and M. Teschner and M. Gross",
	title = "Physically-Based simulation of Objects Represented by Surface Meshes",
	booktitle = "Proc. Comput. Graph. Int.",
	month = "June",
	year = "2004",
	pages = "156--165"
}

@InProceedings{ james:2004:squashingcubes,
	title = "Squashing Cubes: Automating Deformable Model Construction for Graphics",
	author = "D. James and J. Barbic and C. Twigg",
	booktitle = "SIGGRAPH 2004 Sketches {\&} Applications",
	publisher = "ACM Press",
	year = "2004"
}

@Article{ irving:2007:incompressible,
	author = "G. Irving and C. Schroeder and R. Fedkiw",
	title = "Volume conserving finite element simulations of deformable models",
	journal = "ACM Trans. Graph. (SIGGRAPH Proc.)",
	volume = "26",
	number = "3",
	year = "2007"
}

@Article{ english:2008:developable,
	title = "{Animating developable surfaces using nonconforming elements}",
	author = "E. English and R. Bridson",
	journal = "ACM Trans. Graph. (SIGGRAPH Proc.)",
	volume = "26",
	number = "3",
	year = "2007"
}

@InProceedings{ muller:2002:stablerealtimedefs,
	author = "M. M{\"u}ller and J. Dorsey and L. McMillan and R. Jagnow and B. Cutler",
	title = "Stable Real-Time Deformations",
	booktitle = "ACM SIGGRAPH Symp. on Comput. Anim.",
	year = "2002",
	pages = "49--54"
}

@InProceedings{ kaufmann:2008:discontinuous,
	title = "{Flexible Simulation of Deformable Models Using Discontinuous Galerkin FEM}",
	author = "P. Kaufmann and S. Martin and M. Botsch and M. Gross",
	booktitle = "ACM SIGGRAPH/Eurographics Symp. on Comp. Animation",
	year = "2008"
}

@InProceedings{ hauth:2004:corotational,
	title = "{Corotational Simulation of Deformable Solids}",
	author = "M. Hauth and W. Strasser",
	booktitle = "In Proc. of WSCG",
	pages = "137--145",
	year = "2004"
}

@InProceedings{ muller:2004:interactive,
	author = "M. M{\"u}ller and M. Gross",
	title = "Interactive Virtual Materials",
	booktitle = "Graph. Interface",
	month = "May",
	pages = "239--246",
	year = "2004"
}

@Article{ georgii:2006:multigrid,
	title = "A multigrid framework for real-time simulation of deformable bodies",
	author = "Joachim Georgii and R{\"u}diger Westermann",
	journal = "Computers and Graphics",
	volume = "30",
	number = "3",
	pages = "408--415",
	year = "2006"
}

@Article{ brandt:1986:amg,
	title = "{Algebraic multigrid theory: The symmetric case}",
	author = "A. Brandt",
	journal = "Applied Mathematics and Computation",
	volume = "19",
	number = "1-4",
	pages = "23--56",
	year = "1986",
	publisher = "Elsevier Science Inc. New York, NY, USA"
}

@Article{brandt:1977:multilevel,
	title = "{Multi-level adaptive solutions to boundary-value problems}",
	author = "A. Brandt",
	journal = "Mathematics of Computation",
	volume = "31",
	number = "138",
	pages = "333--390",
	year = "1977"
}

@Article{ brandt:1978:multigrid,
	title = "{Multigrid solutions to elliptic flow problems}",
	author = "A. Brandt and N. Dinar",
	journal = "Numerical methods for partial differential equations",
	pages = "53--147",
	publisher = "Academic Press. New York, NY, USA",
	year = "1978"
}

@Article{ brandt:1994:analysis,
	title = "{Rigorous Quantitative Analysis of Multigrid, I: Constant Coefficients Two-Level Cycle with $L_2$-Norm}",
	author = "A. Brandt",
	journal = "SIAM Journal on Numerical Analysis",
	volume = "31",
	pages = "1695--1695",
	year = "1994",
	publisher = "SIAM SOCIETY FOR INDUSTRIAL AND APPLIED"
}

@InProceedings{ debunne:2001:dynamicrealtime,
	author = "G. Debunne and M. Desbrun and M. Cani and A. Barr",
	title = "Dynamic Real-Time Deformations using Space and Time Adaptive Sampling",
	booktitle = "Proc. SIGGRAPH 2001",
	volume = "20",
	year = "2001",
	pages = "31--36"
}

@InProceedings{ capell:2002:multresolution,
	author = "S. Capell and S. Green and B. Curless and T. Duchamp and Z. Popovi{\'c}",
	title = "A Multiresolution Framework for Dynamic Deformations",
	booktitle = "ACM SIGGRAPH Symp. on Comput. Anim.",
	year = "2002",
	pages = "41--48",
	publisher = "ACM Press"
}

@Article{ grinspun:2002:charms,
	author = "E. Grinspun and P. Krysl and P. Schr{\"o}der",
	title = "{CHARMS}: A simple framework for adaptive simulation",
	journal = "ACM Trans. Graph. (SIGGRAPH Proc.)",
	volume = "21",
	year = "2002",
	pages = "281--290"
}

@Article{ james:2003:precomputing,
	author = "D. James and K. Fatahalian",
	title = "Precomputing Interactive Dynamic Deformable Scenes",
	journal = "ACM Trans. Graph. (SIGGRAPH Proc.)",
	volume = "22",
	year = "2003",
	pages = "879--887"
}

@Article{ barbic:2005:stvenant,
	author = "J. Barbic and D. James",
	title = "Real-Time Subspace Integration of {S}t.{V}enant-{K}irchoff Deformable Models",
	journal = "ACM Trans. Graph. (SIGGRAPH Proc.)",
	year = "2005",
	volume = "24",
	number = "3",
	pages = "982--990"
}

@Article{ muller:2005:meshless,
	author = "M. M{\"u}ller and B. Heidelberger and M. Teschner and M. Gross",
	title = "Meshless Deformations Based On Shape Matching",
	journal = "ACM Trans. Graph. (SIGGRAPH Proc.)",
	year = "2005",
	volume = "24",
	number = "3",
	pages = "471--478"
}

@InProceedings{ mosegaard:2006:surgical,
	title = "Technical Aspects of the GPU Accelerated Surgical Simulator",
	author = "J. Mosegaard and T. S. S{\o}rensen",
	booktitle = "SIGGRAPH 2006 Sketches {\&} Applications",
	publisher = "ACM Press",
	year = "2006"
}

@InProceedings{ Hughes:2007:physicalsimulation,
	author = "C. Hughes and R. Grzeszczuk and E. Sifakis and D. Kim and S. Kumar and A. Selle and J. Chhugani and M. Holliman and Y.-K. Chen",
	title = "Physical Simulation for Animation and Visual Effects: Parallelization and Characterization for Chip Multiprocessors",
	booktitle = "Intl. Symp. on Comput. Architecture",
	year = "2007"
}

@Article{ Thomaszewski:2007:cloth_parallel_multicore,
	author = "B. Thomaszewski and S. Pabst and W. Blochinger",
	title = "Exploiting Parallelism in Physically-Based Simulations on Multi-Core Processor Architectures",
	journal = "EG Symposium on Parallel Graphics and Visualization",
	year = "2007"
}

@Article{ georgii:2006:multigrid,
	title = "A multigrid framework for real-time simulation of deformable bodies",
	author = "Joachim Georgii and R{\"u}diger Westermann",
	journal = "Computers \& Graphics",
	volume = "30",
	number = "3",
	pages = "408--415",
	year = "2006"
}

@InProceedings{ green:2002:subdivision,
	title = "{Subdivision-based multilevel methods for large scale engineering simulation of thin shells}",
	author = "S. Green and G. Turkiyyah and D. Storti",
	booktitle = "Proceedings of the seventh ACM symposium on Solid modeling and applications",
	pages = "265--272",
	year = "2002",
	organization = "ACM New York, NY, USA"
}

@Article{ shi:2006:multigrid,
	title = "{A fast multigrid algorithm for mesh deformation}",
	author = "L. Shi and Y. Yu and N. Bell and W.W. Feng",
	journal = "ACM Trans. Graph. (SIGGRAPH Proc.)",
	pages = "1108--1117",
	year = "2006"
}

@Article{ ni:2004:multigrid,
	title = "{Fair {M}orse functions for extracting the topological structure of a surface mesh}",
	author = "X. Ni and M. Garland and J.C. Hart",
	journal = "ACM Transactions on Graphics (TOG)",
	volume = "23",
	number = "3",
	pages = "613--622",
	year = "2004",
	publisher = "ACM New York, NY, USA"
}

@InProceedings{ wu:2004:multigrid,
	title = "Multigrid integration for interactive deformable body simulation",
	author = "Xunlei Wu and Frank Tendick",
	booktitle = "International Symposium on Medical Simulation (2004). c○ Association for Computing Machinery, Inc",
	year = "2004",
	pages = "92--104"
}

@Article{ Bolz:2003:SMS,
	author = "J. Bolz and I. Farmer and E. Grinspun and P. Schroder",
	title = "Sparse Matrix Solvers on the {GPU}: Conjugate Gradients and Multigrid",
	year = "2003",
	journal = "ACM Trans. Graph. (SIGGRAPH Proc.)",
	volume = "22",
	number = "3",
	pages = "917--924"
}

@InProceedings{ goodnight:2003:multigrid,
	title = "{A multigrid solver for boundary value problems using programmable graphics hardware}",
	author = "N. Goodnight and C. Woolley and G. Lewin and D. Luebke and G. Humphreys",
	booktitle = "Proceedings of the ACM SIGGRAPH/Eurographics Conf. on Graphics Hardware",
	pages = "102--111",
	year = "2003"
}

@Article{ Harlow:1965:NCO,
	author = "F. Harlow and J. Welch",
	title = "{Numerical Calculation of Time-Dependent Viscous Incompressible Flow of Fluid with Free Surface}",
	journal = "Phys. Fluids",
	volume = "8",
	pages = "2182--2189",
	year = "1965"
}

@InProceedings{ O'Brien:1999:GMA,
	author = "J. O'Brien and J. Hodgins",
	title = "Graphical modeling and animation of brittle fracture",
	booktitle = "Proc. of SIGGRAPH 1999",
	pages = "137--146",
	year = "1999"
}

@Article{ aksoylu:2005:multilevel,
	title = "Multilevel Solvers For Unstructured Surface Meshes ",
	author = "A. Khodakovsky and P. Schr{\"o}der and B. Aksoylu",
	journal = "SIAM J. Sci. Comput",
	volume = "26",
	number = "4",
	year = "2005"
}

@InProceedings{ otaduy:2007:adaptive,
	title = "Adaptive Deformations with Fast Tight Bounds",
	booktitle = "SCA '07: Proceedings of the 2007 ACM SIGGRAPH/Eurographics symposium on Computer animation",
	author = "M. A. Otaduy and D. Germann and S. Redon and M. Gross",
	pages = "181--190",
	year = "2007"
}

@InProceedings{ georgii:2008:fem,
	title = "Corotated Finite Elements Made Fast and Stable",
	author = "Joachim Georgii and R{\"u}diger Westermann",
	booktitle = "Proceedings of the 5th Workshop On Virtual Reality Interaction and Physical Simulation",
	year = "2008"
}

@InProceedings{ dick:2008:fem,
	title = "Computational Steering for Patient-Specific Implant Planning in Orthopedics",
	booktitle = "Proceedings of Visual Computing for Biomedicine 2008",
	author = "Christian Dick and Joachim Georgii and Rainer Burgkart and R{\"u}diger Westermann",
	pages = "83--92",
	year = "2008"
}

@Article{ griebel:2003:amg,
	title = "An Algebraic Multigrid Method for Linear Elasticity",
	author = "Michael Griebel and Daniel Oeltz and Marc Alexander Schweitzer",
	journal = "SIAM J. Sci. Comput",
	pages = "407",
	volume = "25",
	year = "2003"
}

@Article{ nesme:2006:fem,
	author = "Matthieu Nesme and Fran\c{c}ois Faure and Yohan Payan",
	title = "Hierarchical Multi-Resolution Finite Element Model for Soft Body Simulation",
	journal = "Lecture Notes in Computer Science",
	volume = "4072",
	pages = "40--47",
	month = "july",
	year = "2006",
	url = "http://www-evasion.imag.fr/Publications/2006/NFP06b"
}

@PhDThesis{ gerritsma:1996:staggered,
	title = "Time dependent numerical simulations of a viscoelastic fluid on a staggered grid",
	author = "M. Gerritsma",
	school = "Ruhjsybuversuteut Gribubgeb",
	year = "1996"
}

@Article{ hiptmair:2007mixed,
	title = "Nodal Auxiliary Space Preconditioning in H(curl) and H(div) Spaces",
	author = "Ralf Hiptmair and Jinchao Xu",
	journal = "SIAM Journal on Numerical Analysis",
	pages = "2483--2509
",
	volume = "45",
	number = "6",
	year = "2007"
}

@article{molino:2004:fracture,
    author = "N. Molino and Z. Bao and R. Fedkiw",
    title = "A Virtual Node Algorithm for Changing Mesh Topology During Simulation",
    journal = "ACM Trans. Graph. (SIGGRAPH Proc.)",
    volume = "23",
    year = "2004",
    pages = "385--392"
}

@article{lee:2009:biomechanical,
    author = "S.-H. Lee and E. Sifakis and D. Terzopoulos",
    title = "Comprehensive biomechanical modeling and simulation of the upper body",
    journal = "ACM Trans. Graph.",
    volume = "28",
    number = "4",
    year = "2009",
    pages = "1--17"
}

@article{kaufmann:2009:dg,
  title={{Flexible simulation of deformable models using discontinuous Galerkin FEM}},
  author={Kaufmann, P. and Martin, S. and Botsch, M. and Gross, M.},
  journal={Graphical Models},
  volume={71},
  number={4},
  pages={153--167},
  year={2009},
  publisher={Academic Press Professional, Inc. San Diego, CA, USA}
}

@inproceedings{sifakis:2007:hybridsolids,
    author = "E. Sifakis and T. Shinar and G. Irving and R. Fedkiw",
    title = "Hybrid Simulation of Deformable Solids",
    booktitle = "Proc. of ACM SIGGRAPH/Eurographics Symp. on Comput. Anim.",
    pages="81--90",
    year = "2007"
}

@book{hughes:1987:fem,
    author = "T. Hughes",
    title = "The Finite Element Method: Linear Static and Dynamic Finite Element Analysis",
    publisher = "Prentice Hall",
    year = "1987"
}

@article{losasso:2004:octree,
    author = "F. Losasso and F. Gibou and R. Fedkiw",
    title = "Simulating Water and Smoke with an Octree Data Structure",
    journal = "ACM Trans. Graph. (SIGGRAPH Proc.)",
    volume = "23",
    year = "2004",
    pages = "457--462"
}

@article{teran:2005:quasistatics,
    author = "J. Teran and E. Sifakis and G. Irving and R. Fedkiw",
    title = "Robust Quasistatic Finite Elements and Flesh Simulation",
    journal = "Proc. of the 2005 ACM SIGGRAPH/Eurographics Symp. on Comput. Anim.",
    year = "2005",
    pages = "181--190",
}
@article{lekien:2005:tricubic,
  title={{Tricubic interpolation in three dimensions}},
  author={Lekien, F. and Marsden, J.},
  journal={Int. J. Numer. Methods Eng},
  volume={63},
  number={3},
  pages={455--471},
  year={2005}
}

@Book{GolubVanLoan:1989:MC,
    author = "G. Golub and C. van Loan",
    title = "Matrix Computations",
    publisher = "The John Hopkins University Press",
    addryss = "Baltimore",
    year = "1989"
}
